@ARTICLE{Mayor1995,
   author = {{Mayor}, M. and {Queloz}, D.},
    title = "{A Jupiter-mass companion to a solar-type star}",
  journal = {Nature},
     year = 1995,
    month = nov,
   volume = 378,
    pages = {355-359},
      doi = {10.1038/378355a0},
   adsurl = {http://adsabs.harvard.edu/abs/1995Natur.378..355M},
  adsnote = {Provided by the SAO/NASA Astrophysics Data System}
}

@BOOK{Armitage2010,
   author = {{Armitage}, P.~J.},
    title = "{Astrophysics of Planet Formation}",
 keywords = {planets and satellites: formation, solar system: formation, protoplanetary disks, planets and satellites: dynamical evolution and stability},
booktitle = {Astrophysics of Planet Formation, by Philip J.~Armitage, 294 pp.~ISBN 978-0-521-88745-8 (hardback).~Cambridge, UK: Cambridge University Press, 2010.},
     year = 2010,
   adsurl = {http://adsabs.harvard.edu/abs/2010apf..book.....A},
  adsnote = {Provided by the SAO/NASA Astrophysics Data System}
}

@INPROCEEDINGS{Beuzit2008,
   author = {{Beuzit}, J.-L. and {Feldt}, M. and {Dohlen}, K. and {Mouillet}, D. and 
	{Puget}, P. and {Wildi}, F. and {Abe}, L. and {Antichi}, J. and 
	{Baruffolo}, A. and {Baudoz}, P. and {Boccaletti}, A. and {Carbillet}, M. and 
	{Charton}, J. and {Claudi}, R. and {Downing}, M. and {Fabron}, C. and 
	{Feautrier}, P. and {Fedrigo}, E. and {Fusco}, T. and {Gach}, J.-L. and 
	{Gratton}, R. and {Henning}, T. and {Hubin}, N. and {Joos}, F. and 
	{Kasper}, M. and {Langlois}, M. and {Lenzen}, R. and {Moutou}, C. and 
	{Pavlov}, A. and {Petit}, C. and {Pragt}, J. and {Rabou}, P. and 
	{Rigal}, F. and {Roelfsema}, R. and {Rousset}, G. and {Saisse}, M. and 
	{Schmid}, H.-M. and {Stadler}, E. and {Thalmann}, C. and {Turatto}, M. and 
	{Udry}, S. and {Vakili}, F. and {Waters}, R.},
    title = "{SPHERE: a 'Planet Finder' instrument for the VLT}",
booktitle = {Ground-based and Airborne Instrumentation for Astronomy II},
     year = 2008,
   series = {Proceedings of the SPIE},
   volume = 7014,
    month = jul,
      doi = {10.1117/12.790120},
   adsurl = {http://adsabs.harvard.edu/abs/2008SPIE.7014E..18B},
  adsnote = {Provided by the SAO/NASA Astrophysics Data System}
}

@ARTICLE{Wahhaj2010,
   author = {{Wahhaj}, Z. and {Cieza}, L. and {Koerner}, D.~W. and {Stapelfeldt}, K.~R. and 
	{Padgett}, D.~L. and {Case}, A. and {Keller}, J.~R. and {Mer{\'{\i}}n}, B. and 
	{Evans}, II, N.~J. and {Harvey}, P. and {Sargent}, A. and {van Dishoeck}, E.~F. and 
	{Allen}, L. and {Blake}, G. and {Brooke}, T. and {Chapman}, N. and 
	{Mundy}, L. and {Myers}, P.~C.},
    title = "{The Spitzer c2d Survey of Weak-line T Tauri Stars. III. The Transition from Primordial Disks to Debris Disks}",
  journal = {Astrophysical Journal},
archivePrefix = "arXiv",
   eprint = {1009.4460},
 primaryClass = "astro-ph.SR",
 keywords = {infrared: stars, planetary systems, protoplanetary disks, stars: pre-main sequence},
     year = 2010,
    month = dec,
   volume = 724,
    pages = {835-854},
      doi = {10.1088/0004-637X/724/2/835},
   adsurl = {http://adsabs.harvard.edu/abs/2010ApJ...724..835W},
  adsnote = {Provided by the SAO/NASA Astrophysics Data System}
}

@INPROCEEDINGS{Maire2016,
   author = {{Maire}, A.-L. and {Langlois}, M. and {Dohlen}, K. and {Lagrange}, A.-M. and 
	{Gratton}, R. and {Chauvin}, G. and {Desidera}, S. and {Girard}, J.~H. and 
	{Milli}, J. and {Vigan}, A. and {Zins}, G. and {Delorme}, P. and 
	{Beuzit}, J.-L. and {Claudi}, R.~U. and {Feldt}, M. and {Mouillet}, D. and 
	{Puget}, P. and {Turatto}, M. and {Wildi}, F.},
    title = "{SPHERE IRDIS and IFS astrometric strategy and calibration}",
booktitle = {Ground-based and Airborne Instrumentation for Astronomy VI},
     year = 2016,
   series = {Proceedings of the SPIE},
   volume = 9908,
archivePrefix = "arXiv",
   eprint = {1609.06681},
 primaryClass = "astro-ph.IM",
    month = aug,
      eid = {990834},
    pages = {990834},
      doi = {10.1117/12.2233013},
   adsurl = {http://adsabs.harvard.edu/abs/2016SPIE.9908E..34M},
  adsnote = {Provided by the SAO/NASA Astrophysics Data System}
}


@INPROCEEDINGS{Petit2014,
   author = {{Petit}, C. and {Sauvage}, J.-F. and {Fusco}, T. and {Sevin}, A. and 
	{Suarez}, M. and {Costille}, A. and {Vigan}, A. and {Soenke}, C. and 
	{Perret}, D. and {Rochat}, S. and {Barrufolo}, A. and {Salasnich}, B. and 
	{Beuzit}, J.-L. and {Dohlen}, K. and {Mouillet}, D. and {Puget}, P. and 
	{Wildi}, F. and {Kasper}, M. and {Conan}, J.-M. and {Kulcs{\'a}r}, C. and 
	{Raynaud}, H.-F.},
    title = "{SPHERE eXtreme AO control scheme: final performance assessment and on sky validation of the first auto-tuned LQG based operational system}",
booktitle = {Adaptive Optics Systems IV},
     year = 2014,
   series = {Proceedings of the SPIE},
   volume = 9148,
    month = aug,
      eid = {91480O},
    pages = {91480O},
      doi = {10.1117/12.2052847},
   adsurl = {http://adsabs.harvard.edu/abs/2014SPIE.9148E..0OP},
  adsnote = {Provided by the SAO/NASA Astrophysics Data System}
}

@article{Anugu2013,
author = {Anugu, Narsireddy and Lancelot, J. P.},
doi = {10.1007/s12596-012-0112-y},
file = {:home/ardjan/.local/share/data/Mendeley Ltd./Mendeley Desktop/Downloaded/Anugu, Lancelot - 2013 - Study of atmospheric turbulence with Shack Hartmann wavefront sensor.pdf:pdf},
issn = {0972-8821},
journal = {J. Opt.},
month = {jun},
number = {2},
pages = {128-140},
publisher = {Springer-Verlag},
title = {{Study of atmospheric turbulence with Shack Hartmann wavefront sensor}},
url = {http://link.springer.com/10.1007/s12596-012-0112-y},
volume = {42},
year = {2013}
}

@ARTICLE{Padgett2008,
   author = {{Padgett}, D.~L. and {Rebull}, L.~M. and {Stapelfeldt}, K.~R. and 
	{Chapman}, N.~L. and {Lai}, S.-P. and {Mundy}, L.~G. and {Evans}, II, N.~J. and 
	{Brooke}, T.~Y. and {Cieza}, L.~A. and {Spiesman}, W.~J. and 
	{Noriega-Crespo}, A. and {McCabe}, C.-E. and {Allen}, L.~E. and 
	{Blake}, G.~A. and {Harvey}, P.~M. and {Huard}, T.~L. and {J{\o}rgensen}, J.~K. and 
	{Koerner}, D.~W. and {Myers}, P.~C. and {Sargent}, A.~I. and 
	{Teuben}, P. and {van Dishoeck}, E.~F. and {Wahhaj}, Z. and 
	{Young}, K.~E.},
    title = "{The Spitzer c2d Survey of Large, Nearby, Interstellar Clouds. VII. Ophiuchus Observed with MIPS}",
  journal = {Astrophysical Journal},
archivePrefix = "arXiv",
   eprint = {0709.3492},
 keywords = {infrared: stars, ISM: clouds, stars: formation},
     year = 2008,
    month = jan,
   volume = 672,
    pages = {1013-1037},
      doi = {10.1086/523883},
   adsurl = {http://adsabs.harvard.edu/abs/2008ApJ...672.1013P},
  adsnote = {Provided by the SAO/NASA Astrophysics Data System}
}

@ARTICLE{Makarov2007,
   author = {{Makarov}, V.~V.},
    title = "{The Lupus Association of Pre-Main-Sequence Stars: Clues to Star Formation Scattered in Space and Time}",
  journal = {Astrophysical Journal},
 keywords = {Galaxy: Open Clusters and Associations: Individual: Name: Lupus, Stars: Distances, Stars: Formation, Stars: Kinematics, Stars: Pre-Main-Sequence},
     year = 2007,
    month = mar,
   volume = 658,
    pages = {480-486},
      doi = {10.1086/511261},
   adsurl = {http://adsabs.harvard.edu/abs/2007ApJ...658..480M},
  adsnote = {Provided by the SAO/NASA Astrophysics Data System}
}

@book{Mouillet2013,
author = {SPHERE consortium},
file = {:home/ardjan/Downloads/VLT-MAN-SPH-14690-0430{\_}SV.pdf:pdf},
pages = {1-90},
title = {{SPHERE user manual}},
year = {2013}
}

@article{Johnstone2013,
archivePrefix = {arXiv},
arxivId = {1310.8194},
author = {Johnstone, C. P. and Jardine, M. and Gregory, S. G. and Donati, J. -F. and Hussain, G.},
doi = {10.1093/mnras/stt2107},
eprint = {1310.8194},
file = {:home/ardjan/.local/share/data/Mendeley Ltd./Mendeley Desktop/Downloaded/Johnstone et al. - 2013 - Classical T Tauri stars magnetic fields, coronae, and star-disc interactions.pdf:pdf},
month = {oct},
title = {{Classical T Tauri stars: magnetic fields, coronae, and star-disc interactions}},
url = {http://arxiv.org/abs/1310.8194 http://dx.doi.org/10.1093/mnras/stt2107},
year = {2013}
}

@ARTICLE{DeBoer2016,
   author = {{de Boer}, J. and {Salter}, G. and {Benisty}, M. and {Vigan}, A. and 
	{Boccaletti}, A. and {Pinilla}, P. and {Ginski}, C. and {Juhasz}, A. and 
	{Maire}, A.-L. and {Messina}, S. and {Desidera}, S. and {Cheetham}, A. and 
	{Girard}, J.~H. and {Wahhaj}, Z. and {Langlois}, M. and {Bonnefoy}, M. and 
	{Beuzit}, J.-L. and {Buenzli}, E. and {Chauvin}, G. and {Dominik}, C. and 
	{Feldt}, M. and {Gratton}, R. and {Hagelberg}, J. and {Isella}, A. and 
	{Janson}, M. and {Keller}, C.~U. and {Lagrange}, A.-M. and {Lannier}, J. and 
	{Menard}, F. and {Mesa}, D. and {Mouillet}, D. and {Mugrauer}, M. and 
	{Peretti}, S. and {Perrot}, C. and {Sissa}, E. and {Snik}, F. and 
	{Vogt}, N. and {Zurlo}, A. and {SPHERE Consortium}},
    title = "{Multiple rings in the transition disk and companion candidates around RX J1615.3-3255. High contrast imaging with VLT/SPHERE}",
  journal = {Astronomy and Astrophysics},
archivePrefix = "arXiv",
   eprint = {1610.04038},
 primaryClass = "astro-ph.EP",
 keywords = {protoplanetary disks, planet-disk interactions, circumstellar matter, stars: pre-main sequence, panets and satellites: detection, planets and satellites: formation},
     year = 2016,
    month = nov,
   volume = 595,
      eid = {A114},
    pages = {A114},
      doi = {10.1051/0004-6361/201629267},
   adsurl = {http://adsabs.harvard.edu/abs/2016A%26A...595A.114D},
  adsnote = {Provided by the SAO/NASA Astrophysics Data System}
}

@book{Observatory2007,
author = {SPHERE consortium},
file = {:home/ardjan/.local/share/data/Mendeley Ltd./Mendeley Desktop/Downloaded/{\{}European Southern Observatory{\}} - 2007 - Very large telescope SPHERE manual.pdf:pdf},
title = {{Very Large Telescope SPHERE Manual}},
year = {2007}
}


@ARTICLE{Racine1999,
   author = {{Racine}, R. and {Walker}, G.~A.~H. and {Nadeau}, D. and {Doyon}, R. and 
	{Marois}, C.},
    title = "{Speckle Noise and the Detection of Faint Companions}",
  journal = {Publications of the ASP},
 keywords = {TECHNIQUES: IMAGE PROCESSING},
     year = 1999,
    month = may,
   volume = 111,
    pages = {587-594},
      doi = {10.1086/316367},
   adsurl = {http://adsabs.harvard.edu/abs/1999PASP..111..587R},
  adsnote = {Provided by the SAO/NASA Astrophysics Data System}
}

@INPROCEEDINGS{Desidera2008,
   author = {{Desidera}, S. and {Gratton}, R. and {Claudi}, R. and {Antichi}, J. and 
	{Mesa}, D. and {Turatto}, M. and {Bruno}, P. and {Cascone}, E. and 
	{De Caprio}, V. and {Giro}, E. and {Scuderi}, S. and {Feldt}, M. and 
	{Pavlov}, A. and {Moeller-Nilsson}, O. and {Dohlen}, K. and 
	{Beuzit}, J.~L. and {Mouillet}, D. and {Puget}, P. and {Wildi}, F.
	},
    title = "{Calibration and data reduction for planet detection with SPHERE-IFS}",
booktitle = {Ground-based and Airborne Instrumentation for Astronomy II},
     year = 2008,
   series = {Proceedings of the SPIE},
   volume = 7014,
    month = jul,
      eid = {70143M},
    pages = {70143M},
      doi = {10.1117/12.789153},
   adsurl = {http://adsabs.harvard.edu/abs/2008SPIE.7014E..3MD},
  adsnote = {Provided by the SAO/NASA Astrophysics Data System}
}

@ARTICLE{Marois2006,
   author = {{Marois}, C. and {Lafreni{\`e}re}, D. and {Doyon}, R. and {Macintosh}, B. and 
	{Nadeau}, D.},
    title = "{Angular Differential Imaging: A Powerful High-Contrast Imaging Technique}",
  journal = {Astrophysical Journal},
   eprint = {astro-ph/0512335},
 keywords = {Instrumentation: Adaptive Optics, Stars: Planetary Systems, Stars: Imaging},
     year = 2006,
    month = apr,
   volume = 641,
    pages = {556-564},
      doi = {10.1086/500401},
   adsurl = {http://adsabs.harvard.edu/abs/2006ApJ...641..556M},
  adsnote = {Provided by the SAO/NASA Astrophysics Data System}
}

@ARTICLE{Mesa2015,
   author = {{Mesa}, D. and {Gratton}, R. and {Zurlo}, A. and {Vigan}, A. and 
	{Claudi}, R.~U. and {Alberi}, M. and {Antichi}, J. and {Baruffolo}, A. and 
	{Beuzit}, J.-L. and {Boccaletti}, A. and {Bonnefoy}, M. and 
	{Costille}, A. and {Desidera}, S. and {Dohlen}, K. and {Fantinel}, D. and 
	{Feldt}, M. and {Fusco}, T. and {Giro}, E. and {Henning}, T. and 
	{Kasper}, M. and {Langlois}, M. and {Maire}, A.-L. and {Martinez}, P. and 
	{Moeller-Nilsson}, O. and {Mouillet}, D. and {Moutou}, C. and 
	{Pavlov}, A. and {Puget}, P. and {Salasnich}, B. and {Sauvage}, J.-F. and 
	{Sissa}, E. and {Turatto}, M. and {Udry}, S. and {Vakili}, F. and 
	{Waters}, R. and {Wildi}, F.},
    title = "{Performance of the VLT Planet Finder SPHERE. II. Data analysis and results for IFS in laboratory}",
  journal = {Astronomy and Astrophysics},
archivePrefix = "arXiv",
   eprint = {1503.02486},
 primaryClass = "astro-ph.IM",
 keywords = {instrumentation: spectrographs, methods: data analysis, techniques: imaging spectroscopy, planetary systems},
     year = 2015,
    month = apr,
   volume = 576,
      eid = {A121},
    pages = {A121},
      doi = {10.1051/0004-6361/201423910},
   adsurl = {http://adsabs.harvard.edu/abs/2015A%26A...576A.121M},
  adsnote = {Provided by the SAO/NASA Astrophysics Data System}
}

@ARTICLE{Ginski2016,
   author = {{Ginski}, C. and {Stolker}, T. and {Pinilla}, P. and {Dominik}, C. and 
	{Boccaletti}, A. and {de Boer}, J. and {Benisty}, M. and {Biller}, B. and 
	{Feldt}, M. and {Garufi}, A. and {Keller}, C.~U. and {Kenworthy}, M. and 
	{Maire}, A.~L. and {M{\'e}nard}, F. and {Mesa}, D. and {Milli}, J. and 
	{Min}, M. and {Pinte}, C. and {Quanz}, S.~P. and {van Boekel}, R. and 
	{Bonnefoy}, M. and {Chauvin}, G. and {Desidera}, S. and {Gratton}, R. and 
	{Girard}, J.~H.~V. and {Keppler}, M. and {Kopytova}, T. and 
	{Lagrange}, A.-M. and {Langlois}, M. and {Rouan}, D. and {Vigan}, A.
	},
    title = "{Direct detection of scattered light gaps in the transitional disk around HD 97048 with VLT/SPHERE}",
  journal = {Astronomy and Astrophysics},
archivePrefix = "arXiv",
   eprint = {1609.04027},
 primaryClass = "astro-ph.EP",
 keywords = {stars: individual: HD 97048, protoplanetary disks, planet-disk interactions, techniques: polarimetric},
     year = 2016,
    month = nov,
   volume = 595,
      eid = {A112},
    pages = {A112},
      doi = {10.1051/0004-6361/201629265},
   adsurl = {http://adsabs.harvard.edu/abs/2016A%26A...595A.112G},
  adsnote = {Provided by the SAO/NASA Astrophysics Data System}
}

@INPROCEEDINGS{Claudi2006,
   author = {{Claudi}, R.~U. and {Turatto}, M. and {Antichi}, J. and {Gratton}, R. and 
	{Scuderi}, S. and {Cascone}, E. and {Mesa}, D. and {Desidera}, S. and 
	{Baruffolo}, A. and {Berton}, A. and {Bagnara}, P. and {Giro}, E. and 
	{Bruno}, P. and {Fantinel}, D. and {Beuzit}, J.-L. and {Puget}, P. and 
	{Dohlen}, K.},
    title = "{The integral field spectrograph of SPHERE: the planet finder for VLT}",
booktitle = {Society of Photo-Optical Instrumentation Engineers (SPIE) Conference Series},
     year = 2006,
   series = {Proceedings of the SPIE},
   volume = 6269,
   eprint = {astro-ph/0606597},
    month = jun,
      eid = {62692Y},
    pages = {62692Y},
      doi = {10.1117/12.671949},
   adsurl = {http://adsabs.harvard.edu/abs/2006SPIE.6269E..2YC},
  adsnote = {Provided by the SAO/NASA Astrophysics Data System}
}

@ARTICLE{Krautter1997,
   author = {{Krautter}, J. and {Wichmann}, R. and {Schmitt}, J.~H.~M.~M. and 
	{Alcala}, J.~M. and {Neuhauser}, R. and {Terranegra}, L.},
    title = "{New ``weak-line''--T Tauri stars in Lupus}",
  journal = {Astronomy and Astrophysics, Supplement},
 keywords = {STARS: FORMATION, STARS: PRE-MAIN SEQUENCE, X-RAYS: STARS, SURVEYS, ISM: LUPUS CLOUDS},
     year = 1997,
    month = jun,
   volume = 123,
    pages = {329-352},
      doi = {10.1051/aas:1997163},
   adsurl = {http://adsabs.harvard.edu/abs/1997A%26AS..123..329K},
  adsnote = {Provided by the SAO/NASA Astrophysics Data System}
}

@INPROCEEDINGS{Dohlen2008,
   author = {{Dohlen}, K. and {Langlois}, M. and {Saisse}, M. and {Hill}, L. and 
	{Origne}, A. and {Jacquet}, M. and {Fabron}, C. and {Blanc}, J.-C. and 
	{Llored}, M. and {Carle}, M. and {Moutou}, C. and {Vigan}, A. and 
	{Boccaletti}, A. and {Carbillet}, M. and {Mouillet}, D. and 
	{Beuzit}, J.-L.},
    title = "{The infra-red dual imaging and spectrograph for SPHERE: design and performance}",
booktitle = {Ground-based and Airborne Instrumentation for Astronomy II},
     year = 2008,
   series = {Proceedings of the SPIE},
   volume = 7014,
    month = jul,
      eid = {70143L},
    pages = {70143L},
      doi = {10.1117/12.789786},
   adsurl = {http://esoads.eso.org/abs/2008SPIE.7014E..3LD},
  adsnote = {Provided by the SAO/NASA Astrophysics Data System}
}


@INPROCEEDINGS{Lada1987,
   author = {{Lada}, C.~J.},
    title = "{Star formation - From OB associations to protostars}",
 keywords = {B Stars, Binary Stars, O Stars, Protostars, Star Formation, Infrared Spectra, Molecular Clouds, Ophiuchi Clouds, Spectral Energy Distribution, Star Clusters, Stellar Evolution},
booktitle = {Star Forming Regions},
     year = 1987,
   series = {IAU Symposium},
   volume = 115,
   editor = {{Peimbert}, M. and {Jugaku}, J.},
    pages = {1-17},
   adsurl = {http://adsabs.harvard.edu/abs/1987IAUS..115....1L},
  adsnote = {Provided by the SAO/NASA Astrophysics Data System}
}

@INPROCEEDINGS{Fusco2014,
   author = {{Fusco}, T. and {Sauvage}, J.-F. and {Petit}, C. and {Costille}, A. and 
	{Dohlen}, K. and {Mouillet}, D. and {Beuzit}, J.-L. and {Kasper}, M. and 
	{Suarez}, M. and {Soenke}, C. and {Fedrigo}, E. and {Downing}, M. and 
	{Baudoz}, P. and {Sevin}, A. and {Perret}, D. and {Barrufolo}, A. and 
	{Salasnich}, B. and {Puget}, P. and {Feautrier}, F. and {Rochat}, S. and 
	{Moulin}, T. and {Deboulb{\'e}}, A. and {Hugot}, E. and {Vigan}, A. and 
	{Mawet}, D. and {Girard}, J. and {Hubin}, N.},
    title = "{Final performance and lesson-learned of SAXO, the VLT-SPHERE extreme AO: from early design to on-sky results}",
booktitle = {Adaptive Optics Systems IV},
     year = 2014,
   series = {Proceedings of the SPIE},
   volume = 9148,
    month = aug,
      eid = {91481U},
    pages = {91481U},
      doi = {10.1117/12.2055423},
   adsurl = {http://adsabs.harvard.edu/abs/2014SPIE.9148E..1UF},
  adsnote = {Provided by the SAO/NASA Astrophysics Data System}
}

@INPROCEEDINGS{Sauvage2010,
   author = {{Sauvage}, J.-F. and {Fusco}, T. and {Petit}, C. and {Meimon}, S. and 
	{Fedrigo}, E. and {Suarez Valles}, M. and {Kasper}, M. and {Hubin}, N. and 
	{Beuzit}, J.-L. and {Charton}, J. and {Costille}, A. and {Rabou}, ., P. and 
	{Mouillet}, D. and {Baudoz}, P. and {Buey}, T. and {Sevin}, A. and 
	{Wildi}, F. and {Dohlen}, K.},
    title = "{SAXO, the eXtreme Adaptive Optics System of SPHERE: overview and calibration procedure}",
booktitle = {Adaptive Optics Systems II},
     year = 2010,
   series = {Proceedings of the SPIE},
   volume = 7736,
    month = jul,
      eid = {77360F},
    pages = {77360F},
      doi = {10.1117/12.856942},
   adsurl = {http://adsabs.harvard.edu/abs/2010SPIE.7736E..0FS},
  adsnote = {Provided by the SAO/NASA Astrophysics Data System}
}


@INPROCEEDINGS{Thalmann2008,
   author = {{Thalmann}, C. and {Schmid}, H.~M. and {Boccaletti}, A. and 
	{Mouillet}, D. and {Dohlen}, K. and {Roelfsema}, R. and {Carbillet}, M. and 
	{Gisler}, D. and {Beuzit}, J.-L. and {Feldt}, M. and {Gratton}, R. and 
	{Joos}, F. and {Keller}, C.~U. and {Kragt}, II, J. and {Pragt}, J.~H. and 
	{Puget}, P. and {Rigal}, F. and {Snik}, F. and {Waters}, R. and 
	{Wildi}, F.},
    title = "{SPHERE ZIMPOL: overview and performance simulation}",
booktitle = {Ground-based and Airborne Instrumentation for Astronomy II},
     year = 2008,
   series = {Proceedings of the SPIE},
   volume = 7014,
    month = jul,
      eid = {70143F},
    pages = {70143F},
      doi = {10.1117/12.789158},
   adsurl = {http://esoads.eso.org/abs/2008SPIE.7014E..3FT},
  adsnote = {Provided by the SAO/NASA Astrophysics Data System}
}


@ARTICLE{Sivaramakrishnan2001,
   author = {{Sivaramakrishnan}, A. and {Koresko}, C.~D. and {Makidon}, R.~B. and 
	{Berkefeld}, T. and {Kuchner}, M.~J.},
    title = "{Ground-based Coronagraphy with High-order Adaptive Optics}",
  journal = {Astrophysical Journal},
   eprint = {astro-ph/0103012},
 keywords = {Instrumentation: Adaptive Optics, Instrumentation: Miscellaneous, Techniques: Miscellaneous},
     year = 2001,
    month = may,
   volume = 552,
    pages = {397-408},
      doi = {10.1086/320444},
   adsurl = {http://adsabs.harvard.edu/abs/2001ApJ...552..397S},
  adsnote = {Provided by the SAO/NASA Astrophysics Data System}
}

@ARTICLE{Hugot2012,
   author = {{Hugot}, E. and {Ferrari}, M. and {El Hadi}, K. and {Costille}, A. and 
	{Dohlen}, K. and {Rabou}, P. and {Puget}, P. and {Beuzit}, J.~L.
	},
    title = "{Active optics methods for exoplanet direct imaging. Stress polishing of supersmooth aspherics for VLT-SPHERE planet finder}",
  journal = {Astronomy and Astrophysics},
 keywords = {instrumentation: adaptive optics, instrumentation: high angular resolution},
     year = 2012,
    month = feb,
   volume = 538,
      eid = {A139},
    pages = {A139},
      doi = {10.1051/0004-6361/201117816},
   adsurl = {http://adsabs.harvard.edu/abs/2012A%26A...538A.139H},
  adsnote = {Provided by the SAO/NASA Astrophysics Data System}
}

@ARTICLE{Gaia2016,
       author = {{Gaia Collaboration} and {Brown}, A.~G.~A. and {Vallenari}, A. and
        {Prusti}, T. and {de Bruijne}, J.~H.~J. and {Mignard}, F. and
        {Drimmel}, R. and {Babusiaux}, C. and {Bailer-Jones}, C.~A.~L.
        and {Bastian}, U. and {Biermann}, M. and {Evans}, D.~W. and
        {Eyer}, L. and {Jansen}, F. and {Jordi}, C. and {Katz}, D. and
        {Klioner}, S.~A. and {Lammers}, U. and {Lindegren}, L. and
        {Luri}, X. and {O'Mullane}, W. and {Panem}, C. and {Pourbaix},
        D. and {Randich}, S. and {Sartoretti}, P. and {Siddiqui}, H.~I.
        and {Soubiran}, C. and {Valette}, V. and {van Leeuwen}, F. and
        {Walton}, N.~A. and {Aerts}, C. and {Arenou}, F. and {Cropper},
        M. and {H{\o}g}, E. and {Lattanzi}, M.~G. and {Grebel}, E.~K.
        and {Holland}, A.~D. and {Huc}, C. and {Passot}, X. and
        {Perryman}, M. and {Bramante}, L. and {Cacciari}, C. and
        {Casta{\~n}eda}, J. and {Chaoul}, L. and {Cheek}, N. and {De
        Angeli}, F. and {Fabricius}, C. and {Guerra}, R. and
        {Hern{\'a}ndez}, J. and {Jean-Antoine-Piccolo}, A. and {Masana},
        E. and {Messineo}, R. and {Mowlavi}, N. and {Nienartowicz}, K.
        and {Ord{\'o}{\~n}ez-Blanco}, D. and {Panuzzo}, P. and
        {Portell}, J. and {Richards}, P.~J. and {Riello}, M. and
        {Seabroke}, G.~M. and {Tanga}, P. and {Th{\'e}venin}, F. and
        {Torra}, J. and {Els}, S.~G. and {Gracia-Abril}, G. and
        {Comoretto}, G. and {Garcia-Reinaldos}, M. and {Lock}, T. and
        {Mercier}, E. and {Altmann}, M. and {Andrae}, R. and
        {Astraatmadja}, T.~L. and {Bellas-Velidis}, I. and {Benson}, K.
        and {Berthier}, J. and {Blomme}, R. and {Busso}, G. and {Carry},
        B. and {Cellino}, A. and {Clementini}, G. and {Cowell}, S. and
        {Creevey}, O. and {Cuypers}, J. and {Davidson}, M. and {De
        Ridder}, J. and {de Torres}, A. and {Delchambre}, L. and
        {Dell'Oro}, A. and {Ducourant}, C. and {Fr{\'e}mat}, Y. and
        {Garc{\'\i}a-Torres}, M. and {Gosset}, E. and {Halbwachs}, J.
        -L. and {Hambly}, N.~C. and {Harrison}, D.~L. and {Hauser}, M.
        and {Hestroffer}, D. and {Hodgkin}, S.~T. and {Huckle}, H.~E.
        and {Hutton}, A. and {Jasniewicz}, G. and {Jordan}, S. and
        {Kontizas}, M. and {Korn}, A.~J. and {Lanzafame}, A.~C. and
        {Manteiga}, M. and {Moitinho}, A. and {Muinonen}, K. and
        {Osinde}, J. and {Pancino}, E. and {Pauwels}, T. and {Petit}, J.
        -M. and {Recio-Blanco}, A. and {Robin}, A.~C. and {Sarro}, L.~M.
        and {Siopis}, C. and {Smith}, M. and {Smith}, K.~W. and
        {Sozzetti}, A. and {Thuillot}, W. and {van Reeven}, W. and
        {Viala}, Y. and {Abbas}, U. and {Abreu Aramburu}, A. and
        {Accart}, S. and {Aguado}, J.~J. and {Allan}, P.~M. and
        {Allasia}, W. and {Altavilla}, G. and {{\'A}lvarez}, M.~A. and
        {Alves}, J. and {Anderson}, R.~I. and {Andrei}, A.~H. and
        {Anglada Varela}, E. and {Antiche}, E. and {Antoja}, T. and
        {Ant{\'o}n}, S. and {Arcay}, B. and {Bach}, N. and {Baker},
        S.~G. and {Balaguer-N{\'u}{\~n}ez}, L. and {Barache}, C. and
        {Barata}, C. and {Barbier}, A. and {Barblan}, F. and {Barrado y
        Navascu{\'e}s}, D. and {Barros}, M. and {Barstow}, M.~A. and
        {Becciani}, U. and {Bellazzini}, M. and {Bello Garc{\'\i}a}, A.
        and {Belokurov}, V. and {Bendjoya}, P. and {Berihuete}, A. and
        {Bianchi}, L. and {Bienaym{\'e}}, O. and {Billebaud}, F. and
        {Blagorodnova}, N. and {Blanco-Cuaresma}, S. and {Boch}, T. and
        {Bombrun}, A. and {Borrachero}, R. and {Bouquillon}, S. and
        {Bourda}, G. and {Bouy}, H. and {Bragaglia}, A. and {Breddels},
        M.~A. and {Brouillet}, N. and {Br{\"u}semeister}, T. and
        {Bucciarelli}, B. and {Burgess}, P. and {Burgon}, R. and
        {Burlacu}, A. and {Busonero}, D. and {Buzzi}, R. and {Caffau},
        E. and {Cambras}, J. and {Campbell}, H. and {Cancelliere}, R.
        and {Cantat-Gaudin}, T. and {Carlucci}, T. and {Carrasco}, J.~M.
        and {Castellani}, M. and {Charlot}, P. and {Charnas}, J. and
        {Chiavassa}, A. and {Clotet}, M. and {Cocozza}, G. and
        {Collins}, R.~S. and {Costigan}, G. and {Crifo}, F. and {Cross},
        N.~J.~G. and {Crosta}, M. and {Crowley}, C. and {Dafonte}, C.
        and {Damerdji}, Y. and {Dapergolas}, A. and {David}, P. and
        {David}, M. and {De Cat}, P. and {de Felice}, F. and {de
        Laverny}, P. and {De Luise}, F. and {De March}, R. and {de
        Martino}, D. and {de Souza}, R. and {Debosscher}, J. and {del
        Pozo}, E. and {Delbo}, M. and {Delgado}, A. and {Delgado}, H.~E.
        and {Di Matteo}, P. and {Diakite}, S. and {Distefano}, E. and
        {Dolding}, C. and {Dos Anjos}, S. and {Drazinos}, P. and
        {Duran}, J. and {Dzigan}, Y. and {Edvardsson}, B. and {Enke}, H.
        and {Evans}, N.~W. and {Eynard Bontemps}, G. and {Fabre}, C. and
        {Fabrizio}, M. and {Faigler}, S. and {Falc{\~a}o}, A.~J. and
        {Farr{\`a}s Casas}, M. and {Federici}, L. and {Fedorets}, G. and
        {Fern{\'a}ndez-Hern{\'a}ndez}, J. and {Fernique}, P. and
        {Fienga}, A. and {Figueras}, F. and {Filippi}, F. and
        {Findeisen}, K. and {Fonti}, A. and {Fouesneau}, M. and
        {Fraile}, E. and {Fraser}, M. and {Fuchs}, J. and {Gai}, M. and
        {Galleti}, S. and {Galluccio}, L. and {Garabato}, D. and
        {Garc{\'\i}a-Sedano}, F. and {Garofalo}, A. and {Garralda}, N.
        and {Gavras}, P. and {Gerssen}, J. and {Geyer}, R. and
        {Gilmore}, G. and {Girona}, S. and {Giuffrida}, G. and {Gomes},
        M. and {Gonz{\'a}lez-Marcos}, A. and
        {Gonz{\'a}lez-N{\'u}{\~n}ez}, J. and {Gonz{\'a}lez-Vidal}, J.~J.
        and {Granvik}, M. and {Guerrier}, A. and {Guillout}, P. and
        {Guiraud}, J. and {G{\'u}rpide}, A. and
        {Guti{\'e}rrez-S{\'a}nchez}, R. and {Guy}, L.~P. and {Haigron},
        R. and {Hatzidimitriou}, D. and {Haywood}, M. and {Heiter}, U.
        and {Helmi}, A. and {Hobbs}, D. and {Hofmann}, W. and {Holl}, B.
        and {Holland}, G. and {Hunt}, J.~A.~S. and {Hypki}, A. and
        {Icardi}, V. and {Irwin}, M. and {Jevardat de Fombelle}, G. and
        {Jofr{\'e}}, P. and {Jonker}, P.~G. and {Jorissen}, A. and
        {Julbe}, F. and {Karampelas}, A. and {Kochoska}, A. and
        {Kohley}, R. and {Kolenberg}, K. and {Kontizas}, E. and
        {Koposov}, S.~E. and {Kordopatis}, G. and {Koubsky}, P. and
        {Krone-Martins}, A. and {Kudryashova}, M. and {Kull}, I. and
        {Bachchan}, R.~K. and {Lacoste-Seris}, F. and {Lanza}, A.~F. and
        {Lavigne}, J. -B. and {Le Poncin-Lafitte}, C. and {Lebreton}, Y.
        and {Lebzelter}, T. and {Leccia}, S. and {Leclerc}, N. and
        {Lecoeur-Taibi}, I. and {Lemaitre}, V. and {Lenhardt}, H. and
        {Leroux}, F. and {Liao}, S. and {Licata}, E. and {Lindstr{\o}m},
        H.~E.~P. and {Lister}, T.~A. and {Livanou}, E. and {Lobel}, A.
        and {L{\"o}ffler}, W. and {L{\'o}pez}, M. and {Lorenz}, D. and
        {MacDonald}, I. and {Magalh{\~a}es Fernandes}, T. and {Managau},
        S. and {Mann}, R.~G. and {Mantelet}, G. and {Marchal}, O. and
        {Marchant}, J.~M. and {Marconi}, M. and {Marinoni}, S. and
        {Marrese}, P.~M. and {Marschalk{\'o}}, G. and {Marshall}, D.~J.
        and {Mart{\'\i}n-Fleitas}, J.~M. and {Martino}, M. and {Mary},
        N. and {Matijevi{\v{c}}}, G. and {Mazeh}, T. and {McMillan},
        P.~J. and {Messina}, S. and {Michalik}, D. and {Millar}, N.~R.
        and {Miranda}, B.~M.~H. and {Molina}, D. and {Molinaro}, R. and
        {Molinaro}, M. and {Moln{\'a}r}, L. and {Moniez}, M. and
        {Montegriffo}, P. and {Mor}, R. and {Mora}, A. and {Morbidelli},
        R. and {Morel}, T. and {Morgenthaler}, S. and {Morris}, D. and
        {Mulone}, A.~F. and {Muraveva}, T. and {Musella}, I. and
        {Narbonne}, J. and {Nelemans}, G. and {Nicastro}, L. and
        {Noval}, L. and {Ord{\'e}novic}, C. and {Ordieres-Mer{\'e}}, J.
        and {Osborne}, P. and {Pagani}, C. and {Pagano}, I. and
        {Pailler}, F. and {Palacin}, H. and {Palaversa}, L. and
        {Parsons}, P. and {Pecoraro}, M. and {Pedrosa}, R. and
        {Pentik{\"a}inen}, H. and {Pichon}, B. and {Piersimoni}, A.~M.
        and {Pineau}, F. -X. and {Plachy}, E. and {Plum}, G. and
        {Poujoulet}, E. and {Pr{\v{s}}a}, A. and {Pulone}, L. and
        {Ragaini}, S. and {Rago}, S. and {Rambaux}, N. and {Ramos-
        Lerate}, M. and {Ranalli}, P. and {Rauw}, G. and {Read}, A. and
        {Regibo}, S. and {Reyl{\'e}}, C. and {Ribeiro}, R.~A. and
        {Rimoldini}, L. and {Ripepi}, V. and {Riva}, A. and {Rixon}, G.
        and {Roelens}, M. and {Romero-G{\'o}mez}, M. and {Rowell}, N.
        and {Royer}, F. and {Ruiz-Dern}, L. and {Sadowski}, G. and
        {Sagrist{\`a} Sell{\'e}s}, T. and {Sahlmann}, J. and {Salgado},
        J. and {Salguero}, E. and {Sarasso}, M. and {Savietto}, H. and
        {Schultheis}, M. and {Sciacca}, E. and {Segol}, M. and
        {Segovia}, J.~C. and {Segransan}, D. and {Shih}, I. -C. and
        {Smareglia}, R. and {Smart}, R.~L. and {Solano}, E. and
        {Solitro}, F. and {Sordo}, R. and {Soria Nieto}, S. and
        {Souchay}, J. and {Spagna}, A. and {Spoto}, F. and {Stampa}, U.
        and {Steele}, I.~A. and {Steidelm{\"u}ller}, H. and
        {Stephenson}, C.~A. and {Stoev}, H. and {Suess}, F.~F. and
        {S{\"u}veges}, M. and {Surdej}, J. and {Szabados}, L. and
        {Szegedi-Elek}, E. and {Tapiador}, D. and {Taris}, F. and
        {Tauran}, G. and {Taylor}, M.~B. and {Teixeira}, R. and
        {Terrett}, D. and {Tingley}, B. and {Trager}, S.~C. and {Turon},
        C. and {Ulla}, A. and {Utrilla}, E. and {Valentini}, G. and {van
        Elteren}, A. and {Van Hemelryck}, E. and {van Leeuwen}, M. and
        {Varadi}, M. and {Vecchiato}, A. and {Veljanoski}, J. and {Via},
        T. and {Vicente}, D. and {Vogt}, S. and {Voss}, H. and
        {Votruba}, V. and {Voutsinas}, S. and {Walmsley}, G. and
        {Weiler}, M. and {Weingrill}, K. and {Wevers}, T. and
        {Wyrzykowski}, {\L}. and {Yoldas}, A. and {{\v{Z}}erjal}, M. and
        {Zucker}, S. and {Zurbach}, C. and {Zwitter}, T. and {Alecu}, A.
        and {Allen}, M. and {Allende Prieto}, C. and {Amorim}, A. and
        {Anglada-Escud{\'e}}, G. and {Arsenijevic}, V. and {Azaz}, S.
        and {Balm}, P. and {Beck}, M. and {Bernstein}, H. -H. and
        {Bigot}, L. and {Bijaoui}, A. and {Blasco}, C. and {Bonfigli},
        M. and {Bono}, G. and {Boudreault}, S. and {Bressan}, A. and
        {Brown}, S. and {Brunet}, P. -M. and {Bunclark}, P. and
        {Buonanno}, R. and {Butkevich}, A.~G. and {Carret}, C. and
        {Carrion}, C. and {Chemin}, L. and {Ch{\'e}reau}, F. and
        {Corcione}, L. and {Darmigny}, E. and {de Boer}, K.~S. and {de
        Teodoro}, P. and {de Zeeuw}, P.~T. and {Delle Luche}, C. and
        {Domingues}, C.~D. and {Dubath}, P. and {Fodor}, F. and
        {Fr{\'e}zouls}, B. and {Fries}, A. and {Fustes}, D. and {Fyfe},
        D. and {Gallardo}, E. and {Gallegos}, J. and {Gardiol}, D. and
        {Gebran}, M. and {Gomboc}, A. and {G{\'o}mez}, A. and {Grux}, E.
        and {Gueguen}, A. and {Heyrovsky}, A. and {Hoar}, J. and
        {Iannicola}, G. and {Isasi Parache}, Y. and {Janotto}, A. -M.
        and {Joliet}, E. and {Jonckheere}, A. and {Keil}, R. and {Kim},
        D. -W. and {Klagyivik}, P. and {Klar}, J. and {Knude}, J. and
        {Kochukhov}, O. and {Kolka}, I. and {Kos}, J. and {Kutka}, A.
        and {Lainey}, V. and {LeBouquin}, D. and {Liu}, C. and
        {Loreggia}, D. and {Makarov}, V.~V. and {Marseille}, M.~G. and
        {Martayan}, C. and {Martinez-Rubi}, O. and {Massart}, B. and
        {Meynadier}, F. and {Mignot}, S. and {Munari}, U. and {Nguyen},
        A. -T. and {Nordlander}, T. and {Ocvirk}, P. and {O'Flaherty},
        K.~S. and {Olias Sanz}, A. and {Ortiz}, P. and {Osorio}, J. and
        {Oszkiewicz}, D. and {Ouzounis}, A. and {Palmer}, M. and {Park},
        P. and {Pasquato}, E. and {Peltzer}, C. and {Peralta}, J. and
        {P{\'e}turaud}, F. and {Pieniluoma}, T. and {Pigozzi}, E. and
        {Poels}, J. and {Prat}, G. and {Prod'homme}, T. and {Raison}, F.
        and {Rebordao}, J.~M. and {Risquez}, D. and {Rocca-Volmerange},
        B. and {Rosen}, S. and {Ruiz-Fuertes}, M.~I. and {Russo}, F. and
        {Sembay}, S. and {Serraller Vizcaino}, I. and {Short}, A. and
        {Siebert}, A. and {Silva}, H. and {Sinachopoulos}, D. and
        {Slezak}, E. and {Soffel}, M. and {Sosnowska}, D. and
        {Strai{\v{z}}ys}, V. and {ter Linden}, M. and {Terrell}, D. and
        {Theil}, S. and {Tiede}, C. and {Troisi}, L. and {Tsalmantza},
        P. and {Tur}, D. and {Vaccari}, M. and {Vachier}, F. and
        {Valles}, P. and {Van Hamme}, W. and {Veltz}, L. and {Virtanen},
        J. and {Wallut}, J. -M. and {Wichmann}, R. and {Wilkinson},
        M.~I. and {Ziaeepour}, H. and {Zschocke}, S.},
        title = "{Gaia Data Release 1. Summary of the astrometric, photometric, and survey
        properties}",
      journal = {Astronomy and Astrophysics},
     keywords = {catalogs, astrometry, parallaxes, proper motions, surveys, Astrophysics
        - Instrumentation and Methods for Astrophysics},
         year = 2016,
        month = Nov,
       volume = {595},
          eid = {A2},
        pages = {A2},
          doi = {10.1051/0004-6361/201629512},
       adsurl = {https://ui.adsabs.harvard.edu/#abs/2016A&A...595A...2G},
      adsnote = {Provided by the SAO/NASA Astrophysics Data System}
}

@ARTICLE{Gaia2018,
   author = {{Gaia Collaboration} and {Brown}, A.~G.~A. and {Vallenari}, A. and 
	{Prusti}, T. and {de Bruijne}, J.~H.~J. and {Babusiaux}, C. and 
	{Bailer-Jones}, C.~A.~L.},
    title = "{Gaia Data Release 2. Summary of the contents and survey properties}",
  journal = {ArXiv e-prints},
archivePrefix = "arXiv",
   eprint = {1804.09365},
 keywords = {Astrophysics - Astrophysics of Galaxies, Astrophysics - Instrumentation and Methods for Astrophysics},
     year = 2018,
    month = apr,
   adsurl = {http://adsabs.harvard.edu/abs/2018arXiv180409365G},
  adsnote = {Provided by the SAO/NASA Astrophysics Data System}
}

@ARTICLE{Torres2006,
   author = {{Torres}, C.~A.~O. and {Quast}, G.~R. and {da Silva}, L. and 
	{de La Reza}, R. and {Melo}, C.~H.~F. and {Sterzik}, M.},
    title = "{Search for associations containing young stars (SACY). I. Sample and searching method}",
  journal = {Astronomy and Astrophysics},
   eprint = {astro-ph/0609258},
 keywords = {stars: pre-main sequence, stars: formation, stars: kinematics, stars: rotation, stars: abundances, open clusters and associations: individual: {$\beta$} Pictoris},
     year = 2006,
    month = dec,
   volume = 460,
    pages = {695-708},
      doi = {10.1051/0004-6361:20065602},
   adsurl = {http://adsabs.harvard.edu/abs/2006A%26A...460..695T},
  adsnote = {Provided by the SAO/NASA Astrophysics Data System}
}

@INPROCEEDINGS{Marois2010,
   author = {{Marois}, C. and {Macintosh}, B. and {V{\'e}ran}, J.-P.},
    title = "{Exoplanet imaging with LOCI processing: photometry and astrometry with the new SOSIE pipeline}",
booktitle = {Adaptive Optics Systems II},
     year = 2010,
   series = {Proceedings of the SPIE},
   volume = 7736,
    month = jul,
      eid = {77361J},
    pages = {77361J},
      doi = {10.1117/12.857225},
   adsurl = {http://adsabs.harvard.edu/abs/2010SPIE.7736E..1JM},
  adsnote = {Provided by the SAO/NASA Astrophysics Data System}
}

@INPROCEEDINGS{Marois2014,
   author = {{Marois}, C. and {Correia}, C. and {Galicher}, R. and {Ingraham}, P. and 
	{Macintosh}, B. and {Currie}, T. and {De Rosa}, R.},
    title = "{GPI PSF subtraction with TLOCI: the next evolution in exoplanet/disk high-contrast imaging}",
booktitle = {Adaptive Optics Systems IV},
     year = 2014,
   series = {Proceedings of the SPIE},
   volume = 9148,
archivePrefix = "arXiv",
   eprint = {1407.2555},
 primaryClass = "astro-ph.IM",
    month = jul,
      eid = {91480U},
    pages = {91480U},
      doi = {10.1117/12.2055245},
   adsurl = {http://adsabs.harvard.edu/abs/2014SPIE.9148E..0UM},
  adsnote = {Provided by the SAO/NASA Astrophysics Data System}
}


@ARTICLE{Andrews2011,
   author = {{Andrews}, S.~M. and {Wilner}, D.~J. and {Espaillat}, C. and 
	{Hughes}, A.~M. and {Dullemond}, C.~P. and {McClure}, M.~K. and 
	{Qi}, C. and {Brown}, J.~M.},
    title = "{Resolved Images of Large Cavities in Protoplanetary Transition Disks}",
  journal = {Astrophysical Journal},
archivePrefix = "arXiv",
   eprint = {1103.0284},
 keywords = {circumstellar matter, planet-disk interactions, planets and satellites: formation, protoplanetary disks, submillimeter: planetary systems},
     year = 2011,
    month = may,
   volume = 732,
      eid = {42},
    pages = {42},
      doi = {10.1088/0004-637X/732/1/42},
   adsurl = {http://adsabs.harvard.edu/abs/2011ApJ...732...42A},
  adsnote = {Provided by the SAO/NASA Astrophysics Data System}
}

@ARTICLE{vandermarel2015,
   author = {{van der Marel}, N. and {van Dishoeck}, E.~F. and {Bruderer}, S. and 
	{P{\'e}rez}, L. and {Isella}, A.},
    title = "{Gas density drops inside dust cavities of transitional disks around young stars observed with ALMA}",
  journal = {Astronomy and Astrophysics},
archivePrefix = "arXiv",
   eprint = {1504.03927},
 primaryClass = "astro-ph.EP",
 keywords = {astrochemistry, protoplanetary disks, planet-disk interactions, ISM: molecules, stars: formation},
     year = 2015,
    month = jul,
   volume = 579,
      eid = {A106},
    pages = {A106},
      doi = {10.1051/0004-6361/201525658},
   adsurl = {http://adsabs.harvard.edu/abs/2015A%26A...579A.106V},
  adsnote = {Provided by the SAO/NASA Astrophysics Data System}
}

@article{Thesis2014,
author = {Kooistra, Robin},
file = {:home/ardjan/Downloads/Astro{\_}Ms{\_}2014{\_}RRKooistra.pdf:pdf},
title = {{Unraveling the Transitional Disk RX J1615.3-3255: Scattered Light Observations Versus Disk Models}},
year = {2014}
}

@ARTICLE{Antichi2009,
   author = {{Antichi}, J. and {Dohlen}, K. and {Gratton}, R.~G. and {Mesa}, D. and 
	{Claudi}, R.~U. and {Giro}, E. and {Boccaletti}, A. and {Mouillet}, D. and 
	{Puget}, P. and {Beuzit}, J.-L.},
    title = "{BIGRE: A Low Cross-Talk Integral Field Unit Tailored for Extrasolar Planets Imaging Spectroscopy}",
  journal = {Astrophysical Journal},
archivePrefix = "arXiv",
   eprint = {0901.3529},
 primaryClass = "astro-ph.IM",
 keywords = {instrumentation: spectrographs, planetary systems, techniques: high angular resolution, techniques: image processing},
     year = 2009,
    month = apr,
   volume = 695,
    pages = {1042-1057},
      doi = {10.1088/0004-637X/695/2/1042},
   adsurl = {http://adsabs.harvard.edu/abs/2009ApJ...695.1042A},
  adsnote = {Provided by the SAO/NASA Astrophysics Data System}
}

@ARTICLE{Lommen2010,
   author = {{Lommen}, D.~J.~P. and {van Dishoeck}, E.~F. and {Wright}, C.~M. and 
	{Maddison}, S.~T. and {Min}, M. and {Wilner}, D.~J. and {Salter}, D.~M. and 
	{van Langevelde}, H.~J. and {Bourke}, T.~L. and {van der Burg}, R.~F.~J. and 
	{Blake}, G.~A.},
    title = "{Grain growth across protoplanetary discs: 10 {$\mu$}m silicate feature versus millimetre slope}",
  journal = {Astronomy and Astrophysics},
archivePrefix = "arXiv",
   eprint = {1004.0158},
 primaryClass = "astro-ph.SR",
 keywords = {accretion, accretion disks, circumstellar matter, stars: pre-main sequence, stars: formation},
     year = 2010,
    month = jun,
   volume = 515,
      eid = {A77},
    pages = {A77},
      doi = {10.1051/0004-6361/200913150},
   adsurl = {http://adsabs.harvard.edu/abs/2010A%26A...515A..77L},
  adsnote = {Provided by the SAO/NASA Astrophysics Data System}
}